<?xml version="1.0" encoding="UTF-8"?>
<!DOCTYPE html PUBLIC "-//W3C//DTD XHTML 1.0 Transitional//EN"
    "http://www.w3.org/TR/xhtml1/DTD/xhtml1-transitional.dtd">
<html xmlns="http://www.w3.org/1999/xhtml" xml:lang="en" lang="en">
 <head>
  <title>
</title>
<meta http-equiv="Content-Type" content="text/html;charset=utf-8" />
  <meta name='ocr-system' content='tesseract 3.04.00' />
  <meta name='ocr-capabilities' content='ocr_page ocr_carea ocr_par ocr_line ocrx_word'/>
</head>
<body>
  <div class='ocr_page' id='page_1' title='image "./transitusanimae00perogoog_0009.png"; bbox 0 0 1338 1806; ppageno 0'>
   <div class='ocr_carea' id='block_1_1' title="bbox 584 207 660 223">
    <p class='ocr_par' dir='ltr' id='par_1_1' title="bbox 584 207 660 223">
     <span class='ocr_line' id='line_1_1' title="bbox 584 207 660 223; baseline 0.013 -1"><span class='ocrx_word' id='word_1_1' title='bbox 584 207 660 223; x_wconf 84' lang='grc' dir='ltr'>ΑΝΙΜΑ</span> 
     </span>
    </p>
   </div>
   <div class='ocr_carea' id='block_1_2' title="bbox 150 241 1096 1110">
    <p class='ocr_par' dir='ltr' id='par_1_2' title="bbox 150 241 1096 345">
     <span class='ocr_line' id='line_1_2' title="bbox 205 241 1096 266; baseline 0.003 -4"><span class='ocrx_word' id='word_1_2' title='bbox 205 241 275 262; x_wconf 83' lang='lat' dir='ltr'>Libera</span> <span class='ocrx_word' id='word_1_3' title='bbox 289 248 327 266; x_wconf 86' lang='lat' dir='ltr'>me,</span> <span class='ocrx_word' id='word_1_4' title='bbox 341 242 432 265; x_wconf 80' lang='lat' dir='ltr'>Domine,</span> <span class='ocrx_word' id='word_1_5' title='bbox 447 241 471 262; x_wconf 91' lang='lat' dir='ltr'>de</span> <span class='ocrx_word' id='word_1_6' title='bbox 486 246 550 262; x_wconf 85' lang='lat' dir='ltr'>morte</span> <span class='ocrx_word' id='word_1_7' title='bbox 566 246 639 262; x_wconf 82' lang='lat' dir='ltr'>aeterna</span> <span class='ocrx_word' id='word_1_8' title='bbox 657 242 677 262; x_wconf 89' lang='lat' dir='ltr'>in</span> <span class='ocrx_word' id='word_1_9' title='bbox 696 242 727 263; x_wconf 90' lang='lat' dir='ltr'>die</span> <span class='ocrx_word' id='word_1_10' title='bbox 746 242 778 263; x_wconf 83' lang='lat' dir='ltr'>illa</span> <span class='ocrx_word' id='word_1_11' title='bbox 796 243 902 264; x_wconf 85' lang='lat' dir='ltr'>tremenda.</span> <span class='ocrx_word' id='word_1_12' title='bbox 918 243 1015 264; x_wconf 81' lang='lat' dir='ltr'>Tremens</span> <span class='ocrx_word' id='word_1_13' title='bbox 1034 244 1096 265; x_wconf 77' lang='lat' dir='ltr'>sactus</span> 
     </span>
     <span class='ocr_line' id='line_1_3' title="bbox 150 277 1096 305; baseline 0.003 -7"><span class='ocrx_word' id='word_1_14' title='bbox 150 285 195 298; x_wconf 89' lang='lat' dir='ltr'>sum</span> <span class='ocrx_word' id='word_1_15' title='bbox 213 284 252 304; x_wconf 85' lang='lat' dir='ltr'>ego</span> <span class='ocrx_word' id='word_1_16' title='bbox 269 282 288 302; x_wconf 86' lang='lat' dir='ltr'>et</span> <span class='ocrx_word' id='word_1_17' title='bbox 307 278 367 298; x_wconf 90' lang='lat' dir='ltr'>timeo</span> <span class='ocrx_word' id='word_1_18' title='bbox 382 277 429 298; x_wconf 91' lang='lat' dir='ltr'>dum</span> <span class='ocrx_word' id='word_1_19' title='bbox 443 277 540 298; x_wconf 86' lang='lat' dir='ltr'>discussio</span> <span class='ocrx_word' id='word_1_20' title='bbox 557 278 632 298; x_wconf 88' lang='lat' dir='ltr'>venerit</span> <span class='ocrx_word' id='word_1_21' title='bbox 649 283 708 305; x_wconf 84' lang='lat' dir='ltr'>atque</span> <span class='ocrx_word' id='word_1_22' title='bbox 726 283 807 299; x_wconf 87' lang='lat' dir='ltr'>ventura</span> <span class='ocrx_word' id='word_1_23' title='bbox 824 279 857 300; x_wconf 83' lang='lat' dir='ltr'>ira.</span> <span class='ocrx_word' id='word_1_24' title='bbox 876 279 917 300; x_wconf 84' lang='lat' dir='ltr'>Cor</span> <span class='ocrx_word' id='word_1_25' title='bbox 933 286 1000 300; x_wconf 89' lang='lat' dir='ltr'>meum</span> <span class='ocrx_word' id='word_1_26' title='bbox 1018 285 1096 301; x_wconf 80' lang='lat' dir='ltr'>contur-</span> 
     </span>
     <span class='ocr_line' id='line_1_4' title="bbox 150 313 776 345; baseline 0 -11"><span class='ocrx_word' id='word_1_27' title='bbox 150 313 217 334; x_wconf 80' lang='lat' dir='ltr'>batum</span> <span class='ocrx_word' id='word_1_28' title='bbox 233 318 262 334; x_wconf 88' lang='lat' dir='ltr'>est</span> <span class='ocrx_word' id='word_1_29' title='bbox 276 314 296 334; x_wconf 87' lang='lat' dir='ltr'>in</span> <span class='ocrx_word' id='word_1_30' title='bbox 312 320 349 339; x_wconf 79' lang='lat' dir='ltr'>me,</span> <span class='ocrx_word' id='word_1_31' title='bbox 363 319 382 334; x_wconf 93' lang='lat' dir='ltr'>et</span> <span class='ocrx_word' id='word_1_32' title='bbox 395 313 483 345; x_wconf 77' lang='lat' dir='ltr'>formido</span> <span class='ocrx_word' id='word_1_33' title='bbox 498 313 567 334; x_wconf 84' lang='lat' dir='ltr'>mortis</span> <span class='ocrx_word' id='word_1_34' title='bbox 582 314 650 334; x_wconf 85' lang='lat' dir='ltr'>cecidit</span> <span class='ocrx_word' id='word_1_35' title='bbox 664 321 724 341; x_wconf 85' lang='lat' dir='ltr'>super</span> <span class='ocrx_word' id='word_1_36' title='bbox 737 321 776 335; x_wconf 86' lang='lat' dir='ltr'>me.</span> 
     </span>
    </p>

    <p class='ocr_par' dir='ltr' id='par_1_3' title="bbox 418 360 863 1110">
     <span class='ocr_line' id='line_1_5' title="bbox 589 360 652 376; baseline 0 0"><span class='ocrx_word' id='word_1_37' title='bbox 589 360 652 376; x_wconf 81' lang='lat' dir='ltr'>CORO</span> 
     </span>
     <span class='ocr_line' id='line_1_6' title="bbox 419 390 762 417; baseline 0 -6"><span class='ocrx_word' id='word_1_38' title='bbox 419 391 477 417; x_wconf 86' lang='lat' dir='ltr'>Kyrie</span> <span class='ocrx_word' id='word_1_39' title='bbox 491 390 572 411; x_wconf 76' lang='lat' dir='ltr'>eleison.</span> <span class='ocrx_word' id='word_1_40' title='bbox 588 390 666 411; x_wconf 82' lang='lat' dir='ltr'>Christe</span> <span class='ocrx_word' id='word_1_41' title='bbox 681 390 762 412; x_wconf 84' lang='lat' dir='ltr'>eleison.</span> 
     </span>
     <span class='ocr_line' id='line_1_7' title="bbox 420 426 573 453; baseline 0 -6"><span class='ocrx_word' id='word_1_42' title='bbox 420 427 477 453; x_wconf 88' lang='lat' dir='ltr'>Kyrie</span> <span class='ocrx_word' id='word_1_43' title='bbox 492 426 573 447; x_wconf 82' lang='lat' dir='ltr'>eleison.</span> 
     </span>
     <span class='ocr_line' id='line_1_8' title="bbox 419 463 715 490; baseline 0 -7"><span class='ocrx_word' id='word_1_44' title='bbox 419 463 490 484; x_wconf 84' lang='lat' dir='ltr'>Sancta</span> <span class='ocrx_word' id='word_1_45' title='bbox 504 463 572 487; x_wconf 84' lang='lat' dir='ltr'>Maria,</span> <span class='ocrx_word' id='word_1_46' title='bbox 587 470 622 484; x_wconf 86' lang='lat' dir='ltr'>ora</span> <span class='ocrx_word' id='word_1_47' title='bbox 636 470 673 490; x_wconf 85' lang='lat' dir='ltr'>pro</span> <span class='ocrx_word' id='word_1_48' title='bbox 688 470 715 483; x_wconf 81' lang='lat' dir='ltr'>ea.</span> 
     </span>
     <span class='ocr_line' id='line_1_9' title="bbox 419 499 703 526; baseline 0 -6"><span class='ocrx_word' id='word_1_49' title='bbox 419 500 489 520; x_wconf 82' lang='lat' dir='ltr'>Sancte</span> <span class='ocrx_word' id='word_1_50' title='bbox 503 499 560 523; x_wconf 85' lang='lat' dir='ltr'><strong>Abel,</strong></span> <span class='ocrx_word' id='word_1_51' title='bbox 575 506 609 520; x_wconf 85' lang='lat' dir='ltr'>ora</span> <span class='ocrx_word' id='word_1_52' title='bbox 624 506 660 526; x_wconf 88' lang='lat' dir='ltr'>pro</span> <span class='ocrx_word' id='word_1_53' title='bbox 675 506 703 520; x_wconf 89' lang='lat' dir='ltr'>ea.</span> 
     </span>
     <span class='ocr_line' id='line_1_10' title="bbox 419 535 724 562; baseline -0.003 -6"><span class='ocrx_word' id='word_1_54' title='bbox 419 536 489 556; x_wconf 79' lang='lat' dir='ltr'>Sancte</span> <span class='ocrx_word' id='word_1_55' title='bbox 504 535 582 562; x_wconf 84' lang='lat' dir='ltr'>Ioseph,</span> <span class='ocrx_word' id='word_1_56' title='bbox 597 542 631 556; x_wconf 87' lang='lat' dir='ltr'>ora</span> <span class='ocrx_word' id='word_1_57' title='bbox 645 542 682 562; x_wconf 85' lang='lat' dir='ltr'>pro</span> <span class='ocrx_word' id='word_1_58' title='bbox 696 542 724 556; x_wconf 84' lang='lat' dir='ltr'>ea.</span> 
     </span>
     <span class='ocr_line' id='line_1_11' title="bbox 419 572 709 598; baseline 0 -6"><span class='ocrx_word' id='word_1_59' title='bbox 419 572 491 592; x_wconf 80' lang='lat' dir='ltr'>Sancte</span> <span class='ocrx_word' id='word_1_60' title='bbox 506 572 568 596; x_wconf 71' lang='lat' dir='ltr'>Petne,</span> <span class='ocrx_word' id='word_1_61' title='bbox 583 578 617 592; x_wconf 80' lang='lat' dir='ltr'>ora</span> <span class='ocrx_word' id='word_1_62' title='bbox 632 578 668 598; x_wconf 91' lang='lat' dir='ltr'>pro</span> <span class='ocrx_word' id='word_1_63' title='bbox 682 578 709 593; x_wconf 80' lang='lat' dir='ltr'>ea.</span> 
     </span>
     <span class='ocr_line' id='line_1_12' title="bbox 584 617 659 633; baseline -0.013 0"><span class='ocrx_word' id='word_1_64' title='bbox 584 617 659 633; x_wconf 76' lang='grc' dir='ltr'>ΑΝΙΜΑ</span> 
     </span>
     <span class='ocr_line' id='line_1_13' title="bbox 419 643 585 669; baseline 0 -6"><span class='ocrx_word' id='word_1_65' title='bbox 419 643 481 663; x_wconf 91' lang='lat' dir='ltr'>Orate</span> <span class='ocrx_word' id='word_1_66' title='bbox 496 650 532 669; x_wconf 84' lang='lat' dir='ltr'>pro</span> <span class='ocrx_word' id='word_1_67' title='bbox 547 649 585 663; x_wconf 89' lang='lat' dir='ltr'>me.</span> 
     </span>
     <span class='ocr_line' id='line_1_14' title="bbox 591 684 654 700; baseline 0 0"><span class='ocrx_word' id='word_1_68' title='bbox 591 684 654 700; x_wconf 90' lang='lat' dir='ltr'>CORO</span> 
     </span>
     <span class='ocr_line' id='line_1_15' title="bbox 419 715 744 742; baseline 0 -7"><span class='ocrx_word' id='word_1_69' title='bbox 419 715 489 735; x_wconf 81' lang='lat' dir='ltr'>Sancte</span> <span class='ocrx_word' id='word_1_70' title='bbox 504 715 603 739; x_wconf 78' lang='lat' dir='ltr'>Laurenti,</span> <span class='ocrx_word' id='word_1_71' title='bbox 617 721 652 736; x_wconf 80' lang='lat' dir='ltr'>ora</span> <span class='ocrx_word' id='word_1_72' title='bbox 666 722 702 742; x_wconf 86' lang='lat' dir='ltr'>pro</span> <span class='ocrx_word' id='word_1_73' title='bbox 717 722 744 735; x_wconf 86' lang='lat' dir='ltr'>ea.</span> 
     </span>
     <span class='ocr_line' id='line_1_16' title="bbox 418 750 752 778; baseline 0 -7"><span class='ocrx_word' id='word_1_74' title='bbox 418 751 489 771; x_wconf 79' lang='lat' dir='ltr'>Sancte</span> <span class='ocrx_word' id='word_1_75' title='bbox 504 750 611 775; x_wconf 86' lang='lat' dir='ltr'>Francisce,</span> <span class='ocrx_word' id='word_1_76' title='bbox 625 757 660 771; x_wconf 78' lang='lat' dir='ltr'>ora</span> <span class='ocrx_word' id='word_1_77' title='bbox 675 758 710 778; x_wconf 88' lang='lat' dir='ltr'>pro</span> <span class='ocrx_word' id='word_1_78' title='bbox 725 758 752 772; x_wconf 80' lang='lat' dir='ltr'>ea.</span> 
     </span>
     <span class='ocr_line' id='line_1_17' title="bbox 418 786 712 814; baseline 0.003 -7"><span class='ocrx_word' id='word_1_79' title='bbox 418 787 490 807; x_wconf 77' lang='lat' dir='ltr'>Sancta</span> <span class='ocrx_word' id='word_1_80' title='bbox 504 786 571 811; x_wconf 76' lang='lat' dir='ltr'>Lucia,</span> <span class='ocrx_word' id='word_1_81' title='bbox 586 793 620 807; x_wconf 85' lang='lat' dir='ltr'>ora</span> <span class='ocrx_word' id='word_1_82' title='bbox 634 794 670 814; x_wconf 87' lang='lat' dir='ltr'>pro</span> <span class='ocrx_word' id='word_1_83' title='bbox 685 794 712 808; x_wconf 86' lang='lat' dir='ltr'>ea.</span> 
     </span>
     <span class='ocr_line' id='line_1_18' title="bbox 418 822 725 849; baseline 0 -6"><span class='ocrx_word' id='word_1_84' title='bbox 418 823 490 843; x_wconf 87' lang='lat' dir='ltr'>Sancta</span> <span class='ocrx_word' id='word_1_85' title='bbox 504 822 583 847; x_wconf 79' lang='lat' dir='ltr'>Cecilia,</span> <span class='ocrx_word' id='word_1_86' title='bbox 598 829 633 843; x_wconf 82' lang='lat' dir='ltr'>ora</span> <span class='ocrx_word' id='word_1_87' title='bbox 646 829 683 849; x_wconf 86' lang='lat' dir='ltr'>pro</span> <span class='ocrx_word' id='word_1_88' title='bbox 697 830 725 843; x_wconf 83' lang='lat' dir='ltr'>ea.</span> 
     </span>
     <span class='ocr_line' id='line_1_19' title="bbox 419 858 758 884; baseline 0 -6"><span class='ocrx_word' id='word_1_89' title='bbox 419 858 490 878; x_wconf 84' lang='lat' dir='ltr'>Sancte</span> <span class='ocrx_word' id='word_1_90' title='bbox 505 858 616 882; x_wconf 76' lang='lat' dir='ltr'>Benedicoe,</span> <span class='ocrx_word' id='word_1_91' title='bbox 631 864 666 878; x_wconf 83' lang='lat' dir='ltr'>ora</span> <span class='ocrx_word' id='word_1_92' title='bbox 680 865 716 884; x_wconf 87' lang='lat' dir='ltr'>pro</span> <span class='ocrx_word' id='word_1_93' title='bbox 730 865 758 878; x_wconf 85' lang='lat' dir='ltr'>ea.</span> 
     </span>
     <span class='ocr_line' id='line_1_20' title="bbox 420 893 853 921; baseline 0 -7"><span class='ocrx_word' id='word_1_94' title='bbox 420 893 499 914; x_wconf 89' lang='lat' dir='ltr'>Omnes</span> <span class='ocrx_word' id='word_1_95' title='bbox 513 894 575 914; x_wconf 79' lang='lat' dir='ltr'>sancti</span> <span class='ocrx_word' id='word_1_96' title='bbox 589 894 633 918; x_wconf 88' lang='lat' dir='ltr'>Dei,</span> <span class='ocrx_word' id='word_1_97' title='bbox 648 893 761 914; x_wconf 83' lang='lat' dir='ltr'>intercedite</span> <span class='ocrx_word' id='word_1_98' title='bbox 775 900 811 921; x_wconf 86' lang='lat' dir='ltr'>pro</span> <span class='ocrx_word' id='word_1_99' title='bbox 825 901 853 915; x_wconf 84' lang='lat' dir='ltr'>ea.</span> 
     </span>
     <span class='ocr_line' id='line_1_21' title="bbox 585 939 661 955; baseline 0 0"><span class='ocrx_word' id='word_1_100' title='bbox 585 939 661 955; x_wconf 81' lang='grc' dir='ltr'>ΑΝΙΜΑ</span> 
     </span>
     <span class='ocr_line' id='line_1_22' title="bbox 420 970 863 998; baseline 0.002 -8"><span class='ocrx_word' id='word_1_101' title='bbox 420 970 499 991; x_wconf 89' lang='lat' dir='ltr'>Omnes</span> <span class='ocrx_word' id='word_1_102' title='bbox 513 970 574 991; x_wconf 84' lang='lat' dir='ltr'>sancti</span> <span class='ocrx_word' id='word_1_103' title='bbox 590 970 633 994; x_wconf 88' lang='lat' dir='ltr'>Dei,</span> <span class='ocrx_word' id='word_1_104' title='bbox 648 970 761 991; x_wconf 72' lang='lat' dir='ltr'>intercedite</span> <span class='ocrx_word' id='word_1_105' title='bbox 775 977 811 998; x_wconf 86' lang='lat' dir='ltr'>pro</span> <span class='ocrx_word' id='word_1_106' title='bbox 825 977 863 991; x_wconf 90' lang='lat' dir='ltr'>me.</span> 
     </span>
     <span class='ocr_line' id='line_1_23' title="bbox 420 1006 744 1027; baseline 0 0"><span class='ocrx_word' id='word_1_107' title='bbox 420 1006 489 1027; x_wconf 86' lang='lat' dir='ltr'>Libera</span> <span class='ocrx_word' id='word_1_108' title='bbox 503 1013 535 1027; x_wconf 87' lang='lat' dir='ltr'>me</span> <span class='ocrx_word' id='word_1_109' title='bbox 549 1006 573 1027; x_wconf 94' lang='lat' dir='ltr'>de</span> <span class='ocrx_word' id='word_1_110' title='bbox 588 1011 652 1027; x_wconf 84' lang='lat' dir='ltr'>morte</span> <span class='ocrx_word' id='word_1_111' title='bbox 667 1011 744 1027; x_wconf 86' lang='lat' dir='ltr'>aeterna.</span> 
     </span>
     <span class='ocr_line' id='line_1_24' title="bbox 592 1052 656 1068; baseline 0 0"><span class='ocrx_word' id='word_1_112' title='bbox 592 1052 656 1068; x_wconf 82' lang='lat' dir='ltr'>CORO</span> 
     </span>
     <span class='ocr_line' id='line_1_25' title="bbox 420 1083 799 1110; baseline 0.003 -7"><span class='ocrx_word' id='word_1_113' title='bbox 420 1083 519 1110; x_wconf 84' lang='lat' dir='ltr'>Propitius</span> <span class='ocrx_word' id='word_1_114' title='bbox 534 1087 584 1107; x_wconf 84' lang='lat' dir='ltr'>esto,</span> <span class='ocrx_word' id='word_1_115' title='bbox 599 1089 655 1110; x_wconf 87' lang='lat' dir='ltr'>parce</span> <span class='ocrx_word' id='word_1_116' title='bbox 669 1083 693 1107; x_wconf 92' lang='lat' dir='ltr'>ei,</span> <span class='ocrx_word' id='word_1_117' title='bbox 706 1083 799 1104; x_wconf 88' lang='lat' dir='ltr'>Domine.</span> 
     </span>
    </p>
   </div>
   <div class='ocr_carea' id='block_1_3' title="bbox 405 1129 1029 1335">
    <p class='ocr_par' dir='ltr' id='par_1_4' title="bbox 405 1129 1029 1335">
     <span class='ocr_line' id='line_1_26' title="bbox 585 1129 660 1145; baseline 0.013 -1"><span class='ocrx_word' id='word_1_118' title='bbox 585 1129 660 1145; x_wconf 78' lang='lat' dir='ltr'>ANJMA</span> 
     </span>
     <span class='ocr_line' id='line_1_27' title="bbox 405 1156 1029 1187; baseline 0 -7"><span class='ocrx_word' id='word_1_119' title='bbox 405 1156 407 1158; x_wconf 10' lang='grc' dir='ltr'>μ</span> <span class='ocrx_word' id='word_1_120' title='bbox 420 1160 442 1180; x_wconf 89' lang='lat' dir='ltr'>In</span> <span class='ocrx_word' id='word_1_121' title='bbox 457 1166 528 1180; x_wconf 85' lang='lat' dir='ltr'>manus</span> <span class='ocrx_word' id='word_1_122' title='bbox 542 1164 582 1184; x_wconf 85' lang='lat' dir='ltr'>tua,</span> <span class='ocrx_word' id='word_1_123' title='bbox 597 1159 691 1184; x_wconf 80' lang='lat' dir='ltr'>Domine,</span> <span class='ocrx_word' id='word_1_124' title='bbox 706 1159 827 1180; x_wconf 89' lang='lat' dir='ltr'>commendo</span> <span class='ocrx_word' id='word_1_125' title='bbox 842 1160 933 1187; x_wconf 85' lang='lat' dir='ltr'>spiritum</span> <span class='ocrx_word' id='word_1_126' title='bbox 949 1166 1029 1187; x_wconf 54' lang='lat' dir='ltr'>meum„</span> 
     </span>
     <span class='ocr_line' id='line_1_28' title="bbox 480 1205 653 1223; baseline -0.012 0"><span class='ocrx_word' id='word_1_127' title='bbox 480 1221 482 1223; x_wconf 86' lang='lat'><em>.</em></span> <span class='ocrx_word' id='word_1_128' title='bbox 590 1205 653 1221; x_wconf 83' lang='lat' dir='ltr'>CORO</span> 
     </span>
     <span class='ocr_line' id='line_1_29' title="bbox 420 1236 651 1262; baseline 0 -6"><span class='ocrx_word' id='word_1_129' title='bbox 420 1236 487 1261; x_wconf 82' lang='lat' dir='ltr'>Maria,</span> <span class='ocrx_word' id='word_1_130' title='bbox 501 1236 564 1256; x_wconf 79' lang='lat' dir='ltr'>Mater</span> <span class='ocrx_word' id='word_1_131' title='bbox 578 1236 651 1262; x_wconf 68' lang='lat' dir='ltr'>gratiae,</span> 
     </span>
     <span class='ocr_line' id='line_1_30' title="bbox 420 1271 642 1297; baseline 0 -5"><span class='ocrx_word' id='word_1_132' title='bbox 420 1272 482 1293; x_wconf 81' lang='lat' dir='ltr'>Mater</span> <span class='ocrx_word' id='word_1_133' title='bbox 496 1271 642 1297; x_wconf 62' lang='lat' dir='ltr'>misericordiae,</span> 
     </span>
     <span class='ocr_line' id='line_1_31' title="bbox 420 1307 716 1335; baseline 0 -7"><span class='ocrx_word' id='word_1_134' title='bbox 420 1308 452 1328; x_wconf 92' lang='lat' dir='ltr'>Tu</span> <span class='ocrx_word' id='word_1_135' title='bbox 467 1315 505 1329; x_wconf 84' lang='lat' dir='ltr'>nos</span> <span class='ocrx_word' id='word_1_136' title='bbox 519 1307 543 1328; x_wconf 84' lang='lat' dir='ltr'>ab</span> <span class='ocrx_word' id='word_1_137' title='bbox 557 1308 615 1328; x_wconf 88' lang='lat' dir='ltr'>hoste</span> <span class='ocrx_word' id='word_1_138' title='bbox 629 1312 716 1335; x_wconf 83' lang='lat' dir='ltr'>protege,</span> 
     </span>
    </p>
   </div>
   <div class='ocr_carea' id='block_1_4' title="bbox 419 1343 689 1424">
    <p class='ocr_par' dir='ltr' id='par_1_5' title="bbox 419 1343 689 1424">
     <span class='ocr_line' id='line_1_32' title="bbox 419 1343 689 1371; baseline -0.004 -6"><span class='ocrx_word' id='word_1_139' title='bbox 419 1344 444 1365; x_wconf 85' lang='lat' dir='ltr'>Et</span> <span class='ocrx_word' id='word_1_140' title='bbox 458 1344 528 1365; x_wconf 84' lang='lat' dir='ltr'>mortis</span> <span class='ocrx_word' id='word_1_141' title='bbox 542 1343 592 1365; x_wconf 76' lang='lat' dir='ltr'>hora</span> <span class='ocrx_word' id='word_1_142' title='bbox 606 1344 689 1371; x_wconf 82' lang='lat' dir='ltr'>suscipe.</span> 
     </span>
     <span class='ocr_line' id='line_1_33' title="bbox 563 1380 677 1398; baseline 0 -4"><span class='ocrx_word' id='word_1_143' title='bbox 563 1380 677 1398; x_wconf 52' lang='lat' dir='ltr'>offluhapannj</span> 
     </span>
     <span class='ocr_line' id='line_1_34' title="bbox 589 1408 652 1424; baseline 0 0"><span class='ocrx_word' id='word_1_144' title='bbox 589 1408 652 1424; x_wconf 72' lang='lat' dir='ltr'>cono</span> 
     </span>
    </p>
   </div>
   <div class='ocr_carea' id='block_1_5' title="bbox 419 1438 1095 1537">
    <p class='ocr_par' dir='ltr' id='par_1_6' title="bbox 419 1438 1095 1537">
     <span class='ocr_line' id='line_1_35' title="bbox 419 1438 1095 1466; baseline 0.001 -8"><span class='ocrx_word' id='word_1_145' title='bbox 419 1439 441 1459; x_wconf 85' lang='lat' dir='ltr'>In</span> <span class='ocrx_word' id='word_1_146' title='bbox 451 1438 563 1465; x_wconf 82' lang='lat' dir='ltr'>paradisum</span> <span class='ocrx_word' id='word_1_147' title='bbox 572 1438 669 1459; x_wconf 84' lang='lat' dir='ltr'>deducant</span> <span class='ocrx_word' id='word_1_148' title='bbox 679 1438 782 1465; x_wconf 84' lang='lat' dir='ltr'>teAngeli:</span> <span class='ocrx_word' id='word_1_149' title='bbox 790 1439 810 1459; x_wconf 92' lang='lat' dir='ltr'>in</span> <span class='ocrx_word' id='word_1_150' title='bbox 818 1443 854 1459; x_wconf 89' lang='lat' dir='ltr'>tuo</span> <span class='ocrx_word' id='word_1_151' title='bbox 862 1439 947 1459; x_wconf 81' lang='lat' dir='ltr'>adventu</span> <span class='ocrx_word' id='word_1_152' title='bbox 958 1439 1066 1466; x_wconf 81' lang='lat' dir='ltr'>suscipiant</span> <span class='ocrx_word' id='word_1_153' title='bbox 1076 1444 1095 1459; x_wconf 88' lang='lat' dir='ltr'>te</span> 
     </span>
     <span class='ocr_line' id='line_1_36' title="bbox 419 1474 1093 1501; baseline 0.001 -7"><span class='ocrx_word' id='word_1_154' title='bbox 419 1475 520 1500; x_wconf 83' lang='lat' dir='ltr'>Martyres,</span> <span class='ocrx_word' id='word_1_155' title='bbox 536 1479 554 1495; x_wconf 83' lang='lat' dir='ltr'>et</span> <span class='ocrx_word' id='word_1_156' title='bbox 568 1474 676 1501; x_wconf 86' lang='lat' dir='ltr'>perducant</span> <span class='ocrx_word' id='word_1_157' title='bbox 690 1479 708 1494; x_wconf 85' lang='lat' dir='ltr'>te</span> <span class='ocrx_word' id='word_1_158' title='bbox 725 1475 744 1494; x_wconf 91' lang='lat' dir='ltr'>in</span> <span class='ocrx_word' id='word_1_159' title='bbox 763 1474 863 1495; x_wconf 77' lang='lat' dir='ltr'>civitatem</span> <span class='ocrx_word' id='word_1_160' title='bbox 877 1479 963 1495; x_wconf 84' lang='lat' dir='ltr'>sanctam</span> <span class='ocrx_word' id='word_1_161' title='bbox 979 1475 1093 1500; x_wconf 80' lang='lat' dir='ltr'>Jerusalem.</span> 
     </span>
     <span class='ocr_line' id='line_1_37' title="bbox 419 1510 950 1537; baseline 0.002 -7"><span class='ocrx_word' id='word_1_162' title='bbox 419 1510 472 1531; x_wconf 87' lang='lat' dir='ltr'>Odie</span> <span class='ocrx_word' id='word_1_163' title='bbox 489 1510 514 1530; x_wconf 87' lang='lat' dir='ltr'>sit</span> <span class='ocrx_word' id='word_1_164' title='bbox 530 1510 549 1531; x_wconf 87' lang='lat' dir='ltr'>in</span> <span class='ocrx_word' id='word_1_165' title='bbox 564 1517 610 1537; x_wconf 83' lang='lat' dir='ltr'>pace</span> <span class='ocrx_word' id='word_1_166' title='bbox 625 1510 681 1531; x_wconf 86' lang='lat' dir='ltr'>locus</span> <span class='ocrx_word' id='word_1_167' title='bbox 695 1510 743 1536; x_wconf 84' lang='lat' dir='ltr'>ejus,</span> <span class='ocrx_word' id='word_1_168' title='bbox 758 1510 778 1530; x_wconf 89' lang='lat' dir='ltr'>in</span> <span class='ocrx_word' id='word_1_169' title='bbox 792 1516 859 1531; x_wconf 84' lang='lat' dir='ltr'>sancta</span> <span class='ocrx_word' id='word_1_170' title='bbox 873 1511 950 1532; x_wconf 72' lang='lat' dir='ltr'>Sion!...</span> 
     </span>
    </p>
   </div>
   <div class='ocr_carea' id='block_1_6' title="bbox 504 1575 741 1586">
    <p class='ocr_par' dir='ltr' id='par_1_7' title="bbox 504 1575 741 1586">
     <span class='ocr_line' id='line_1_38' title="bbox 504 1575 741 1586; baseline -0.008 0"><span class='ocrx_word' id='word_1_171' title='bbox 504 1577 566 1581; x_wconf 39' lang='grc' dir='ltr'>*ΜΝ</span> <span class='ocrx_word' id='word_1_172' title='bbox 572 1575 741 1586; x_wconf 47' lang='grc' dir='ltr'>«Ἣ</span> 
     </span>
    </p>
   </div>
  </div>
 </body>
</html>
