1338 1806
113 924 143 953 [ᾳ
121 879 135 894 τ
131 835 140 848 .,

666 580 742 597 ΑΝΙΜΑ

282 622 375 644 Miserere
394 622 442 647 mei,
456 622 521 647 Deus,
535 621 645 642 secundum
663 627 756 647 magnam
774 619 929 641 misericordiam
948 624 1010 640 tuam.
1026 617 1178 640 Et'secundum

229 658 377 680 multitudinem
392 658 543 679 miserationum
557 662 644 682 tuarum,
658 656 700 678 dele
715 656 839 683 iniquitatem
854 662 925 677 meam.
940 655 1033 682 Amplius
1049 655 1093 676 lava
1109 661 1142 676 me
1155 654 1179 675 ab

228 695 331 722 iniquitate
345 701 397 715 mea:
412 699 432 715 et
445 701 456 715 a
470 698 551 721 peccato
565 700 611 714 meo
626 692 702 714 munda
716 699 754 713 me.
765 692 814 713 Ecce
823 692 876 713 enim
887 692 988 712 veritatem
998 690 1092 712 dilexisti:
1108 691 1180 711 incerta

228 735 248 752 et
261 730 339 751 occulta
353 730 446 757 sapientae
460 734 500 750 tuae
515 729 644 750 manifestasti
658 728 714 749 mihi.

670 765 733 782 CORO

284 802 416 827 Proficiscere,
430 802 496 823 anima
510 801 620 826 christiana,
634 800 658 821 de
673 800 712 821 hoc
726 800 811 825 mundo,
824 800 845 821 in
860 800 943 821 nomine
957 800 994 821 Dei
1009 799 1073 821 Patris
1089 800 1182 826 omnipo-

229 839 294 863 tentis,
309 838 344 866 qui
357 843 377 859 te
390 838 472 859 creavit:
488 838 508 858 in
525 837 608 859 nomine
622 837 666 862 Iesu
681 836 762 861 Christi,
779 836 814 864 qui
827 843 865 864 pro
879 841 898 857 te
915 843 985 864 passus
1000 838 1041 857 est:
1060 836 1080 857 in
1100 836 1181 857 nomine

228 874 314 901 Spiritus
327 874 401 899 Sancti,
415 874 450 901 qui
469 874 489 894 in
507 878 526 894 te
545 873 621 894 effusus
633 877 674 898 est;
689 873 708 894 in
724 872 807 894 nomine
821 872 954 900 Angelorum,
969 872 1079 894 Cherubim
1093 876 1113 892 et
1129 872 1182 893 Sera-

228 910 291 938 phim,
308 915 328 931 et
345 910 438 931 omnium
457 910 586 931 Sanctorum:
604 909 664 930 hodie
682 909 708 930 sit
725 909 745 930 in
765 916 812 937 pace
830 908 887 930 locus
904 909 947 936 ejus
963 913 983 930 et
1000 908 1097 930 habitatio
1113 913 1147 929 tua
1161 908 1181 929 in

228 951 295 968 sancta
309 946 365 967 Sion.

665 978 742 994 ANIMA

282 1014 356 1035 Averte
369 1013 439 1035 faciem
453 1018 509 1035 tuam
519 1020 530 1034 a
539 1013 623 1041 peccatis
636 1013 686 1034 meis
699 1018 719 1034 et
733 1020 805 1034 omnes
818 1013 933 1041 iniquitates
947 1019 1001 1034 meas
1015 1012 1067 1034 dole.
1082 1013 1181 1040 Asperges

229 1056 262 1070 me
276 1049 371 1079 hyssopo,
386 1054 405 1071 et
419 1049 543 1070 mundabor:
557 1049 631 1070 lavabis
644 1056 683 1074 me,
697 1054 717 1070 et
731 1056 790 1076 super
803 1049 870 1070 nivem
885 1048 998 1070 dealbabor.

666 1099 735 1116 ‘CORO

283 1134 359 1160 Libera,
374 1135 469 1160 Domine,
483 1135 571 1155 animam
588 1134 638 1155 servi
656 1134 692 1160 tui,
707 1134 758 1155 sicut
776 1134 861 1155 liberasti
878 1134 924 1155 Noe
943 1134 967 1155 de
986 1134 1069 1156 diluvio.
1084 1135 1156 1162 Amen.
1171 1147 1183 1151 -

230 1170 309 1196 Libera,
324 1171 421 1196 Domine,
436 1170 524 1192 animam
538 1171 588 1192 servi
602 1170 638 1195 tui,
652 1171 704 1191 sicut
721 1170 806 1192 liberasti
819 1170 919 1191 Abraham
936 1170 960 1191 de
975 1170 1004 1192 Ur
1019 1170 1069 1192 Chal
1083 1170 1181 1192 daeorum.

229 1206 301 1228 Amen.
315 1218 327 1223 -
343 1206 424 1232 Libera,
439 1207 534 1228 Domine.
555 1207 641 1228 animam
662 1207 713 1227 servi
733 1207 773 1232 tui,
788 1206 839 1228 sicut
859 1206 946 1228 liberasti
967 1206 1071 1228 Danielem
1092 1206 1117 1228 de
1138 1207 1181 1228 lacu

228 1242 318 1264 leonum.
333 1243 405 1264 Amen.
423 1255 435 1259 -
453 1243 533 1268 Libera,
548 1242 645 1268 Domine,
660 1243 746 1264 animam
767 1243 817 1264 servi
840 1243 880 1268 mi,
892 1243 946 1272 *sicut
966 1242 1051 1264 liberasti
1073 1243 1137 1264 David
1158 1241 1182 1264 de'

229 1285 290 1299 manu
305 1278 376 1300 Goliae.
391 1279 463 1300 Amen.

666 1312 742 1328 ANIMA

283 1346 314 1368 Ne
331 1346 424 1374 projicias
442 1353 475 1368 me
493 1353 504 1367 a
522 1346 569 1368 facie
588 1351 630 1372 tua;
645 1351 664 1368 et
683 1347 779 1374 Spiritum
798 1351 889 1368 sanctum
908 1351 967 1368 tuum
985 1353 1010 1368 ne
1027 1346 1103 1368 auferas
1117 1354 1128 1368 a
1142 1354 1180 1369 me.

229 1382 295 1404 Redde
309 1382 359 1404 mihi
374 1382 462 1404 laetitiam
476 1382 567 1404 salutaris
581 1383 618 1404 tui:
632 1387 652 1404 et
666 1383 736 1410 spimu
751 1382 853 1410 principali
867 1382 964 1404 confirma
978 1390 1017 1404 me.

671 1433 735 1450 CORO

282 1468 382 1493 Miserere,
397 1468 491 1493 Domine,
505 1469 618 1495 gemituum
632 1468 757 1489 lacrimarum
771 1469 819 1495 ejus.
834 1468 912 1490 Liberet
925 1473 945 1489 te
961 1475 973 1489 a
986 1469 1073 1490 cruciatu
1088 1468 1181 1490 Christus

228 1503 262 1531 qui
276 1510 313 1531 pro
327 1508 347 1525 te
360 1504 465 1525 crucifixus
479 1509 514 1525 est.
530 1504 608 1525 Liberet
623 1509 643 1525 te
659 1504 683 1525 ab
701 1509 774 1525 aeterna
791 1509 855 1525 morte
873 1504 972 1530 Christus,
989 1505 1023 1532 qui
1037 1511 1074 1532 pro
1093 1510 1112 1526 te
1129 1505 1180 1526 mori

227 1538 320 1566 dignatus
334 1544 369 1561 est.
383 1540 498 1561 Constituat
512 1545 531 1561 te
546 1540 637 1561 Christus
651 1539 704 1561 filius
714 1540 751 1561 Dei
761 1540 799 1561 vivi
813 1540 865 1561 intra
873 1540 956 1567 paradisi
970 1541 1001 1562 sni
1013 1535 1180 1568 semper-amoena

227 1581 315 1597 virenna.
